@online{thesis,
    author    = "FatMinMin",
    title     = "NCTU latex thesis",
    url       = "https://github.com/chiehmin/nctu-thesis",
}

@online{AFL,
    author    = "Michal Zalewski",
    title     = "American Fuzzy Lop",
    url       = "http://lcamtuf.coredump.cx/afl",
}

@online{Intro2MCTS,
    author    = "Jeff Bradberry",
    title     = "Introduction to Monte Carlo Tree Search",
    url       = "https://jeffbradberry.com/posts/2015/09/intro-to-monte-carlo-tree-search/",
}


@inproceedings{vanegue2012smt,
  title={SMT Solvers in Software Security.},
  author={Vanegue, Julien and Heelan, Sean and Rolles, Rolf},
  booktitle={WOOT},
  pages={85--96},
  year={2012}
}

@inproceedings{sen2007concolic,
  title={Concolic testing},
  author={Sen, Koushik},
  booktitle={Proceedings of the twenty-second IEEE/ACM international conference on Automated software engineering},
  pages={571--572},
  year={2007},
  organization={ACM}
}

@inproceedings{sen2005cute,
  title={CUTE: a concolic unit testing engine for C},
  author={Sen, Koushik and Marinov, Darko and Agha, Gul},
  booktitle={ACM SIGSOFT Software Engineering Notes},
  volume={30},
  number={5},
  pages={263--272},
  year={2005},
  organization={ACM}
}

@inproceedings{godefroid2005dart,
  title={DART: directed automated random testing},
  author={Godefroid, Patrice and Klarlund, Nils and Sen, Koushik},
  booktitle={ACM Sigplan Notices},
  volume={40},
  number={6},
  pages={213--223},
  year={2005},
  organization={ACM}
}

@article{chipounov2012s2e,
  title={The S2E platform: Design, implementation, and applications},
  author={Chipounov, Vitaly and Kuznetsov, Volodymyr and Candea, George},
  journal={ACM Transactions on Computer Systems (TOCS)},
  volume={30},
  number={1},
  pages={2},
  year={2012},
  publisher={ACM}
}

@inproceedings{cadar2008klee,
  title={KLEE: Unassisted and Automatic Generation of High-Coverage Tests for Complex Systems Programs.},
  author={Cadar, Cristian and Dunbar, Daniel and Engler, Dawson R},
  booktitle={OSDI},
  volume={8},
  pages={209--224},
  year={2008}
}

@inproceedings{cha2012mayhem,
  title={Unleashing mayhem on binary code},
  author={Cha, Sang Kil and Avgerinos, Thanassis and Rebert, Alexandre and Brumley, David},
  booktitle={2012 IEEE Symposium on Security and Privacy},
  pages={380--394},
  year={2012},
  organization={IEEE}
}

@inproceedings{schwartz2010all,
  title={All you ever wanted to know about dynamic taint analysis and forward symbolic execution (but might have been afraid to ask)},
  author={Schwartz, Edward J and Avgerinos, Thanassis and Brumley, David},
  booktitle={2010 IEEE Symposium on Security and Privacy},
  pages={317--331},
  year={2010},
  organization={IEEE}
}

@techreport{sharma2012critical,
  title={A critical review of dynamic taint analysis and forward symbolic execution},
  author={Sharma, Asankhaya},
  year={2012},
  institution={Technical report}
}

@inproceedings{stephens2016driller,
  title={Driller: Augmenting Fuzzing Through Selective Symbolic Execution},
  author={Stephens, Nick and Grosen, John and Salls, Christopher and Dutcher, Andrew and Wang, Ruoyu and Corbetta, Jacopo and Shoshitaishvili, Yan and Kruegel, Christopher and Vigna, Giovanni},
  booktitle={Proceedings of the Network and Distributed System Security Symposium},
  year={2016}
}

@mastersthesis{PathPruning,
title ={符號執行之動態路徑修剪技術},
author ={陳盈伸},
keywords ={符號執行; 路徑修剪; 動態分析; symbolic execution; path pruning; dynamic analysis},
journal ={臺灣大學資訊工程學研究所學位論文},
number ={2016年},
year ={2016},
month ={Jan},
pages ={1-49},
language ={英文},
school ={臺灣大學},
DOI ={10.6342/NTU201602958},
}

@article{browne2012surveyMCTS,
  title={A survey of monte carlo tree search methods},
  author={Browne, Cameron B and Powley, Edward and Whitehouse, Daniel and Lucas, Simon M and Cowling, Peter I and Rohlfshagen, Philipp and Tavener, Stephen and Perez, Diego and Samothrakis, Spyridon and Colton, Simon},
  journal={IEEE Transactions on Computational Intelligence and AI in Games},
  volume={4},
  number={1},
  pages={1--43},
  year={2012},
  publisher={IEEE}
}

@Inbook{Z3,
author="de Moura, Leonardo
and Bj{\o}rner, Nikolaj",
editor="Ramakrishnan, C. R.
and Rehof, Jakob",
title="Z3: An Efficient SMT Solver",
bookTitle="Tools and Algorithms for the Construction and Analysis of Systems: 14th International Conference, TACAS 2008, Held as Part of the Joint European Conferences on Theory and Practice of Software, ETAPS 2008, Budapest, Hungary, March 29-April 6, 2008. Proceedings",
year="2008",
publisher="Springer Berlin Heidelberg",
address="Berlin, Heidelberg",
pages="337--340",
isbn="978-3-540-78800-3",
doi="10.1007/978-3-540-78800-3_24",
url="http://dx.doi.org/10.1007/978-3-540-78800-3_24"
}

@incollection{mcmethod,
title = "Front Matter ",
editor = "Abramson, Bruce ",
booktitle = "The Expected-Outcome Model of Two-Player Games ",
publisher = "Morgan Kaufmann",
edition = "",
address = "",
year = "1991",
pages = "iii - ",
series = "Research Notes in Artificial Intelligence",
issn = "02687526",
doi = "http://dx.doi.org/10.1016/B978-0-273-03334-9.50001-2",
url = "http://www.sciencedirect.com/science/article/pii/B9780273033349500012",
key = "tagkey1991iii"
}

@incollection{MCTS_ref1,
  author = {Ertel, W. and Schumann, J. and Suttner, Ch.},
  title = {{L}earning {H}euristics for a {T}heorem {P}rover using {B}ack {P}ropagation},
  year = 1989,
  booktitle = {5. \"Osterreichische Artificial-Intelligence-Tagung},
  editor = {J. Retti and K. Leidlmair},
  publisher = {Informatik-Fachberichte 208, Springer-Verlag},
  address = {Berlin, Heidelberg},
  pages = {87-95}
}

@inproceedings{MCTS_ref2,
  author = {Suttner, Ch. and Ertel, W.},
  title = {{A}utomatic {A}cquisition of {S}earch {G}uiding {H}euristics},
  booktitle = {10th Int. Conf. on Automated Deduction},
  year = {1990},
  publisher = {Springer-Verlag, {LNAI} 449},
  pages = {470-484}
}

@article{MCTS_ref3,
  author = {Suttner, Ch. and Ertel, W.},
  title = {Using {B}ack-{P}ropagation {N}etworks for {G}uiding the {S}earch of a {T}heorem {P}rover},
  year = {1991},
  journal = {Int. J. of Neural Networks Research \& Applications},
  volume = {2},
  number = {1},
  pages = {3-16}
}

@techreport{mc_go,
  title={Monte Carlo Go},
  author={Bernd Bruegmann},
  year={1993},
  institution={Technical report}
}

@INPROCEEDINGS{MCTS_naming,
    author = {Rémi Coulom},
    title = {Efficient selectivity and backup operators in Monte-Carlo tree search},
    booktitle = {In: Proceedings Computers and Games 2006},
    year = {2006},
    publisher = {Springer-Verlag}
}

@INPROCEEDINGS{UCT,
    author = {Levente Kocsis and Csaba Szepesvári},
    title = {Bandit based Monte-Carlo Planning},
    booktitle = {In: ECML-06. Number 4212 in LNCS},
    year = {2006},
    pages = {282--293},
    publisher = {Springer}
}

@online{alphago,
    author    = "Google Research Blog",
    title     = "AlphaGo: Mastering the ancient game of Go with Machine Learning",
    url       = "https://research.googleblog.com/2016/01/alphago-mastering-ancient-game-of-go.html",
}